@article{xiao2018fontcode,
  title={FontCode: Embedding Information in Text Documents using Glyph Perturbation},
  author={Xiao, Chang and Zhang, Cheng and Zheng, Changxi},
  journal={ACM Transactions on Graphics (TOG)},
  volume={37},
  number={2},
  pages={15},
  year={2018},
  publisher={ACM}
}
@inproceedings{zhu2018hidden,
  title={Hidden: Hiding data with deep networks},
  author={Zhu, Jiren and Kaplan, Russell and Johnson, Justin and Fei-Fei, Li},
  booktitle={Proceedings of the European Conference on Computer Vision (ECCV)},
  pages={657--672},
  year={2018}
}
@article{bose1960class,
  title={On a class of error correcting binary group codes},
  author={Bose, Raj Chandra and Ray-Chaudhuri, Dwijendra K},
  journal={Information and control},
  volume={3},
  number={1},
  pages={68--79},
  year={1960},
  publisher={Elsevier}
}
@article{aviles2005high,
  title={High-order statistical texture analysis----font recognition applied},
  author={Avil{\'e}s-Cruz, Carlos and Rangel-Kuoppa, Risto and Reyes-Ayala, Mario and Andrade-Gonzalez, A and Escarela-Perez, Rafael},
  journal={Pattern Recognition Letters},
  volume={26},
  number={2},
  pages={135--145},
  year={2005},
  publisher={Elsevier}
}
@article{o2014exploratory,
  title={Exploratory font selection using crowdsourced attributes},
  author={O'Donovan, Peter and L{\=\i}beks, J{\=a}nis and Agarwala, Aseem and Hertzmann, Aaron},
  journal={ACM Transactions on Graphics (TOG)},
  volume={33},
  number={4},
  pages={92},
  year={2014},
  publisher={ACM}
}
@inproceedings{chen2014large,
  title={Large-scale visual font recognition},
  author={Chen, Guang and Yang, Jianchao and Jin, Hailin and Brandt, Jonathan and Shechtman, Eli and Agarwala, Aseem and Han, Tony X},
  booktitle={Proceedings of the IEEE Conference on Computer Vision and Pattern Recognition},
  pages={3598--3605},
  year={2014}
}
@inproceedings{loviscach2010universe,
  title={The universe of fonts, charted by machine},
  author={Loviscach, J{\"o}rn},
  booktitle={ACM SIGGRAPH 2010 Talks},
  pages={27},
  year={2010},
  organization={ACM}
}
@inproceedings{wang2015deepfont,
  title={Deepfont: A system for font recognition and similarity},
  author={Wang, Zhangyang and Yang, Jianchao and Jin, Hailin and Brandt, Jonathan and Shechtman, Eli and Agarwala, Aseem and Wang, Zhaowen and Song, Yuyan and Hsieh, Joseph and Kong, Sarah and others},
  booktitle={23rd ACM International Conference on Multimedia, MM 2015},
  pages={813--814},
  year={2015},
  organization={Association for Computing Machinery, Inc}
}
@inproceedings{he2016deep,
  title={Deep residual learning for image recognition},
  author={He, Kaiming and Zhang, Xiangyu and Ren, Shaoqing and Sun, Jian},
  booktitle={Proceedings of the IEEE conference on computer vision and pattern recognition},
  pages={770--778},
  year={2016}
}
@mastersthesis{黄兴2013抗打印扫描的文本数字水印技术研究,
  title={抗打印扫描的文本数字水印技术研究},
  author={黄兴},
  year={2013},
  school={北京邮电大学}
}
@article{wayner1992mimic,
  title={Mimic functions},
  author={Wayner, Peter},
  journal={Cryptologia},
  volume={16},
  number={3},
  pages={193--214},
  year={1992},
  publisher={Taylor \& Francis}
}
@book{wayner2009disappearing,
  title={Disappearing cryptography: information hiding: steganography and watermarking},
  author={Wayner, Peter},
  year={2009},
  publisher={Morgan Kaufmann}
}